<record><leader>00000cas a22000007a 4500</leader><controlfield tag="001">11504733</controlfield><controlfield tag="008">841218d18651870ohuwr ne      0    0eng d</controlfield><datafield ind1=" " ind2=" " tag="010"><subfield code="a">sn 84028815 </subfield></datafield><datafield ind1=" " ind2=" " tag="040"><subfield code="a">NPY</subfield><subfield code="b">eng</subfield><subfield code="c">NPY</subfield><subfield code="d">ONP</subfield><subfield code="d">OCLCQ</subfield></datafield><datafield ind1=" " ind2=" " tag="042"><subfield code="a">msc</subfield></datafield><datafield ind1="0" ind2=" " tag="130"><subfield code="a">Steubenville gazette (Steubenville, Ohio : 1865)</subfield></datafield><datafield ind1="1" ind2="4" tag="245"><subfield code="a">The Steubenville gazette.</subfield></datafield><datafield ind1=" " ind2=" " tag="260"><subfield code="a">Steubenville, Ohio :</subfield><subfield code="b">C.N. Allen,</subfield><subfield code="c">-1870.</subfield></datafield><datafield ind1=" " ind2=" " tag="300"><subfield code="a">v.</subfield></datafield><datafield ind1=" " ind2=" " tag="310"><subfield code="a">Weekly</subfield></datafield><datafield ind1="1" ind2=" " tag="362"><subfield code="a">Began with Sept. 1, 1865 issue.</subfield></datafield><datafield ind1="0" ind2=" " tag="362"><subfield code="a">-v. 5, no. 22 (Jan. 28, 1870).</subfield></datafield><datafield ind1=" " ind2=" " tag="588"><subfield code="a">Description based on: Vol. 1, no. 2 (Sept. 8, 1865).</subfield></datafield><datafield ind1=" " ind2=" " tag="752"><subfield code="a">United States</subfield><subfield code="b">Ohio</subfield><subfield code="c">Jefferson</subfield><subfield code="d">Steubenville.</subfield></datafield><datafield ind1="0" ind2="0" tag="785"><subfield code="t">Steubenville weekly gazette (Steubenville, Ohio : 1870)</subfield><subfield code="w">(DLC)sn 84028816</subfield></datafield></record>